@misc{ferrell,
    title={The Four Types Of Will Ferrell Movies},
    author={Hickey, W.},
    year={2015},
    url={https://fivethirtyeight.com/features/will-ferrell-movies-career-get-hard/}
}

@misc{bullock,
    title={The Three Types Of Sandra Bullock Movies},
    author={Hickey, W.},
    year={2015},
    url={https://fivethirtyeight.com/features/the-three-types-of-sandra-bullock-movies/}
}

@inproceedings{apala,
    title={Prediction of Movies Box Office Performance Using Social Media},
    author={Apala, K. R. and Jose, M. and Motnam, S. and Chan, C. C. and Liszka, K. J. and de Gregorio, F.},
    booktitle={Proceedings of the 2013 IEEE/ACM International Conference on Advances in Social Networks Analysis and Mining},
    pages={1209–1214},
    year={2013}
}

@article{baimbridge,
    title={Movie admissions and rental income: the case of James Bond},
    author={Baimbridge, M.},
    journal={Applied Economics Letters},
    volume={4},
    pages={57-61},
    year={1997}
}

@article{boccardelli,
    title={What is Critical to Success in the Movie Industry? A Study on Key Success Factors in the Italian Motion Picture Industry},
    author={Boccardelli, P. and Brunetta, F. and Vicentini, F.},
    journal={Dynamics of Institutions and Markets in Europe},
    volume={46},
    year={2008}
}

@article{elberse,
    title={The Power of Stars : Do Star Actors Drive the Success of Movies?},
    author={Elberse, A.},
    journal={AMA Journal of Marketing},
    volume={71},
    number={October},
    pages={102-120},
    year={2007}
}

@article{eliashberg,
    title={Assessing box office performance using movie scripts: A kernel-based approach},
    author={Eliashberg, J. and Hui, S. and Zhang, Z.},
    journal={Knowledge and Data Engineering},
    volume={26},
    number={11},
    pages={2639-2648},
    year={2014}
}

@article{gopinath,
    title={Blogs, advertising and local market movie box office performance},
    author={Gopinath, S. and Chintagunta, P. K. and Venkataraman, S.},
    journal={Management Science},
    volume={59},
    number={December},
    pages={2635-2654},
    year={2013}
}

@inproceedings{parimi,
    title={Pre-release Box-Office Success Prediction for Motion Pictures},
    author={Parimi, R. and Caragea, D.},
    booktitle={Machine Learning and Data Mining in Pattern Recognition},
    pages={571-585},
    year={2013}
}

@article{simonoff,
    title={Predicting Movie Grosses : Winners and Losers , Blockbusters and Sleepers},
    author={Simonoff, J. S. and Sparrow, I. R.},
    journal={CHANCE},
    volume={13},
    number={3},
    pages={15-24},
    year={2000}
}

@article{ebbers,
    title={Disentangling the effects of reputation and network position on the evolution of alliance networks},
    author={Ebbers, J. J. and Wijnberg, N. M.},
    journal={Strategic Organization},
    volume={8},
    number={3},
    pages={255-275},
    year={2010}
}

@article{simonton,
    title={Artistic creativity and interpersonal relationships across and within generations},
    author={Simonton, D. K.},
    journal={Journal of Personality and Social Psychology},
    volume={46},
    pages={1273-1286}
}

@inproceedings{ferriani,
    title={The Relational Antecedents of Project-Entrepreneurship: Individual Connectedness, Team Composition and Project Performance},
    author={Ferriani, S. and Cattani, G. and Baden-Fuller, C.},
    booktitle={Academy of Management Proceedings},
    volume={1},
    pages={1-6},
    year={2008}
}

@article{jones,
    title={Boundaryless Careers in the US Film Industry: Understanding Labor Market Dynamics of Network Organizations},
    author={Jones, C. and Walsh, K.},
    journal={The German Journal of Industrial Relations},
    volume={4},
    number={1},
    pages={58-73},
    year={1997}
}

@article{lash,
    title={Early Predictions of Movie Success: the Who, What, and When of Profitability},
    author={Lash, M. T. and Zhao, K.},
    journal={Journal of Management Information Systems},
    volume={33},
    number={3},
    pages={874-903},
    year={2016}
}

@article{cattani,
    title={A Core/Periphery Perspective on Individual Creative Performance: Social Networks and Cinematic Achievements in the Hollywood Film Industry},
    author={Cattani, G. and Ferriani, S.},
    journal={Organization Science},
    volume={19},
    number={6},
    pages={824-844},
    year={2008}
}

@article{sharda,
    title={Predicting box-office success of motion pictures with neural networks},
    author={Sharda, R. and Delen, D.},
    journal={Expert Systems with Applications},
    volume={30},
    pages={243–254},
    year={2006},
}

@book{lumet,
    title={Making Movies},
    author={Lumet, S.},
    year={1995},
    publisher={Vintage Books},
    address={New York}
}
